@article{ATLAS_higgs,
      author         = "Aad, Georges and others",
      title          = "{Observation of a new particle in the search for the
                        Standard Model Higgs boson with the ATLAS detector at the
                        LHC}",
      collaboration  = "ATLAS",
      journal        = "Phys.Lett.",
      volume         = "B716",
      pages          = "1-29",
      doi            = "10.1016/j.physletb.2012.08.020",
      year           = "2012",
      eprint         = "1207.7214",
      archivePrefix  = "arXiv",
      primaryClass   = "hep-ex",
      reportNumber   = "CERN-PH-EP-2012-218",
      SLACcitation   = "%%CITATION = ARXIV:1207.7214;%%",
}

@article{CMS_higgs,
      author         = "Chatrchyan, Serguei and others",
      title          = "{Observation of a new boson at a mass of 125 GeV with the
                        CMS experiment at the LHC}",
      collaboration  = "CMS",
      journal        = "Phys.Lett.",
      volume         = "B716",
      pages          = "30-61",
      doi            = "10.1016/j.physletb.2012.08.021",
      year           = "2012",
      eprint         = "1207.7235",
      archivePrefix  = "arXiv",
      primaryClass   = "hep-ex",
      reportNumber   = "CMS-HIG-12-028, CERN-PH-EP-2012-220",
      SLACcitation   = "%%CITATION = ARXIV:1207.7235;%%",
}


@article{ATLAS_ssWW,
      author         = "Aad, Georges and others",
      title          = "{Evidence for Electroweak Production of
                        $W^{\pm}W^{\pm}jj$ in $pp$ Collisions at $\sqrt{s}=8$ TeV
                        with the ATLAS Detector}",
      collaboration  = "ATLAS",
      journal        = "Phys.Rev.Lett.",
      number         = "14",
      volume         = "113",
      pages          = "141803",
      doi            = "10.1103/PhysRevLett.113.141803",
      year           = "2014",
      eprint         = "1405.6241",
      archivePrefix  = "arXiv",
      primaryClass   = "hep-ex",
      reportNumber   = "CERN-PH-EP-2014-079",
      SLACcitation   = "%%CITATION = ARXIV:1405.6241;%%",
}

@article{CMS_ssWW,
      author         = ``Khachatryan, Vardan and others'',
      title          = ``{Study of vector boson scattering and search for new
                        physics in events with two same-sign leptons and two
                        jets}'',
      collaboration  = ``CMS'',
      journal        = ``Phys.Rev.Lett.'',
      number         = ``5'',
      volume         = ``114'',
      pages          = ``051801'',
      doi            = ``10.1103/PhysRevLett.114.051801'',
      year           = ``2015'',
      eprint         = ``1410.6315'',
      archivePrefix  = ``arXiv'',
      primaryClass   = ``hep-ex'',
      reportNumber   = ``CMS-SMP-13-015, CERN-PH-EP-2014-250'',
      SLACcitation   = ``%%CITATION = ARXIV:1410.6315;%%'',
}


@article{Han:2009em,
      author         = ``Han, Tao and Krohn, David and Wang, Lian-Tao and Zhu,
                        Wenhan'',
      title          = ``{New Physics Signals in Longitudinal Gauge Boson
                        Scattering at the LHC}'',
      journal        = ``JHEP'',
      volume         = ``1003'',
      pages          = ``082'',
      doi            = ``10.1007/JHEP03(2010)082'',
      year           = ``2010'',
      eprint         = ``0911.3656'',
      archivePrefix  = ``arXiv'',
      primaryClass   = ``hep-ph'',
      SLACcitation   = ``%%CITATION = ARXIV:0911.3656;%%'',
}

@article{Doroba:2012pd,
      author         = ``Doroba, K. and Kalinowski, J. and Kuczmarski, J. and
                        Pokorski, S. and Rosiek, J. and others'',
      title          = ``{The $W_L W_L$ Scattering at the LHC: Improving the
                        Selection Criteria}'',
      journal        = ``Phys.Rev.'',
      volume         = ``D86'',
      pages          = ``036011'',
      doi            = ``10.1103/PhysRevD.86.036011'',
      year           = ``2012'',
      eprint         = ``1201.2768'',
      archivePrefix  = ``arXiv'',
      primaryClass   = ``hep-ph'',
      reportNumber   = ``FERMILAB-PUB-12-894-T'',
      SLACcitation   = ``%%CITATION = ARXIV:1201.2768;%%'',
}

@article{Baldi:2014kfa,
      author         = "Baldi, Pierre and Sadowski, Peter and Whiteson, Daniel",
      title          = "{Searching for Exotic Particles in High-Energy Physics
                        with Deep Learning}",
      journal        = "Nature Commun.",
      volume         = "5",
      pages          = "4308",
      doi            = "10.1038/ncomms5308",
      year           = "2014",
      eprint         = "1402.4735",
      archivePrefix  = "arXiv",
      primaryClass   = "hep-ph",
      SLACcitation   = "%%CITATION = ARXIV:1402.4735;%%",
}

@article{Baldi:2014pta,
      author         = "Baldi, Pierre and Sadowski, Peter and Whiteson, Daniel",
      title          = "{Enhanced Higgs Boson to $\tau^+\tau^-$ Search with Deep
                        Learning}",
      journal        = "Phys.Rev.Lett.",
      number         = "11",
      volume         = "114",
      pages          = "111801",
      doi            = "10.1103/PhysRevLett.114.111801",
      year           = "2015",
      eprint         = "1410.3469",
      archivePrefix  = "arXiv",
      primaryClass   = "hep-ph",
      SLACcitation   = "%%CITATION = ARXIV:1410.3469;%%",
}
